@article{mignone2011pluto,
  title={The PLUTO code for adaptive mesh computations in astrophysical fluid dynamics},
  author={Mignone, Andrea and Zanni, C and Tzeferacos, Petros and Van Straalen, B and Colella, P and Bodo, G},
  journal={The Astrophysical Journal Supplement Series},
  volume={198},
  number={1},
  pages={7},
  year={2011},
  publisher={IOP Publishing}
}

@misc{plutouserguide,
  title={PLUTO User's guide},
  author = {Mignone, A and Zanni, C and Vaidya, B and Muscianisi, G},
  year={2018},
  howpublished = "\url{http://plutocode.ph.unito.it/documentation.html}"
}

@misc{mhdppt,
  author={von F\`ay-Sieben\"urgen, R},
  title={MHD Waves},
  year={2016},
  howpublished = "\url{http://www.robertus.staff.shef.ac.uk/gian/mhd2.pdf}",
  institution = {University of Sheffield}
}

@article{brun2017magnetism,
  title={Magnetism, dynamo action and the solar-stellar connection},
  author={Brun, Allan Sacha and Browning, Matthew K},
  journal={Living Reviews in Solar Physics},
  volume={14},
  number={1},
  pages={4},
  year={2017},
  publisher={Springer}
}

@book{goedbloed2004principles,
  title={Principles of magnetohydrodynamics: with applications to laboratory and astrophysical plasmas},
  author={Goedbloed, JP Hans and Poedts, Stefaan},
  year={2004},
  publisher={Cambridge university press}
}

@inproceedings{karas2005introduction,
  title={An introduction to relativistic magnetohydrodynamics I. The force-free approximation},
  author={Karas, Vladim{\'\i}r},
  booktitle={RAGtime 6/7: Workshops on black holes and neutron stars},
  pages={71--80},
  year={2005}
}